@article{katz1992,
  title={The reading process is different for different orthographies},
  author={Katz, Leonard and Frost, Ram},
  journal={Haskins Laboratories Status Report},
  volume={SR-111/112},
  pages={147--160},
  year={1992}
}

@article{paulesu2000,
  title={A cultural effect on brain function},
  author={Paulesu, Eraldo and others},
  journal={Nature Neuroscience},
  volume={3},
  number={1},
  pages={91--96},
  year={2000}
}

@article{shannon1948,
  title={A mathematical theory of communication},
  author={Shannon, Claude E},
  journal={Bell System Technical Journal},
  volume={27},
  number={3},
  pages={379--423},
  year={1948}
}

@article{olshausen1996,
  title={Emergence of simple-cell receptive field properties by learning a sparse code for natural images},
  author={Olshausen, Bruno A and Field, David J},
  journal={Nature},
  volume={381},
  number={6583},
  pages={607--609},
  year={1996}
}

@inproceedings{clark2019,
  title={What does BERT look at? An analysis of BERT's attention},
  author={Clark, Kevin and others},
  booktitle={BlackboxNLP},
  pages={276--286},
  year={2019}
}

@article{vaswani2017attention,
  title={Attention is all you need},
  author={Vaswani, Ashish and others},
  journal={NeurIPS},
  pages={5998--6008},
  year={2017}
}

@inproceedings{devlin2019,
  title={BERT: Pre-training of deep bidirectional transformers},
  author={Devlin, Jacob and others},
  booktitle={NAACL-HLT},
  pages={4171--4186},
  year={2019}
}

@inproceedings{conneau2020,
  title={Unsupervised cross-lingual representation learning at scale},
  author={Conneau, Alexis and others},
  booktitle={ACL},
  pages={8440--8451},
  year={2020}
}
